@article{duncan2007,
  title={Global budget of CO, 1988--1997: Source estimates and validation with a global model},
  author={Duncan, BN and Logan, JA and Bey, I and Megretskaia, IA and Yantosca, RM and Novelli, PC and Jones, Nicholas B and Rinsland, CP},
  journal={Journal of Geophysical Research: Atmospheres},
  volume={112},
  number={D22},
  year={2007},
  publisher={Wiley Online Library}
}

@article{haan1996,
  title={Ice core data of atmospheric carbon monoxide over Antarctica and Greenland during the last 200 years},
  author={Haan, D and Martinerie, P and Raynaud, D},
  journal={Geophysical research letters},
  volume={23},
  number={17},
  pages={2235--2238},
  year={1996},
  publisher={Wiley Online Library}
}

@article{bian2007,
  title={Sensitivity of global CO simulations to uncertainties in biomass burning sources},
  author={Bian, H and Chin, M and Kawa, SR and Duncan, B and Arellano, A and Kasibhatla, P},
  journal={Journal of Geophysical Research: Atmospheres},
  volume={112},
  number={D23},
  year={2007},
  publisher={Wiley Online Library}
}

@article{rumelhart1988l,
  title={Learning representations by back-propagating errors},
  author={Rumelhart, David E and Hinton, Geoffrey E and Williams, Ronald J},
  journal={Cognitive modeling},
  volume={5},
  number={3},
  pages={1},
  year={1988}
}

@article{jiang2011,
  title={Quantifying the impact of model errors on top-down estimates of carbon monoxide emissions using satellite observations},
  author={Jiang, Zhe and Jones, Dylan and Kopacz, Monika and Liu, Jane and Henze, Daven K and Heald, Colette},
  journal={Journal of Geophysical Research: Atmospheres},
  volume={116},
  number={D15},
  year={2011},
  publisher={Wiley Online Library}
}

@article{jones2009,
  title={The zonal structure of tropical O 3 and CO as observed by the Tropospheric Emission Spectrometer in November 2004--Part 1: Inverse modeling of CO emissions},
  author={Jones, DBA and Bowman, KW and Logan, JA and Heald, CL and Liu, J and Luo, M and Worden, J and Drummond, J},
  journal={Atmospheric Chemistry and Physics},
  volume={9},
  number={11},
  pages={3547--3562},
  year={2009},
  publisher={Copernicus GmbH}
}

@article{liu2010,
  title={Analysis of CO in the tropical troposphere using Aura satellite data and the GEOS-Chem model: insights into transport characteristics of the GEOS meteorological products},
  author={Liu, Junhua and Logan, Jennifer A and Jones, DBA and Livesey, NJ and Megretskaia, I and Carouge, C and Nedelec, P},
  journal={Atmos. Chem. Phys},
  volume={10},
  number={24},
  pages={12--207},
  year={2010}
}

@article{ott2011,
  title={An analysis of the impact of convective parameter sensitivity on simulated global atmospheric CO distributions},
  author={Ott, Lesley and Pawson, Steven and Bacmeister, Julio},
  journal={Journal of Geophysical Research: Atmospheres},
  volume={116},
  number={D21},
  year={2011},
  publisher={Wiley Online Library}
}

@inproceedings{seidl1991,
  title={A structure by which a recurrent neural network can approximate a nonlinear dynamic system},
  author={Seidl, David R and Lorenz, Robert D},
  booktitle={Neural Networks, 1991., IJCNN-91-Seattle International Joint Conference on},
  volume={2},
  pages={709--714},
  year={1991},
  organization={IEEE}
}

@article{shindell2006,
  title={Multimodel simulations of carbon monoxide: Comparison with observations and projected near-future changes},
  author={Shindell, DT and Faluvegi, G and Stevenson, DS and Krol, MC and Emmons, LK and Lamarque, J-F and Petron, G and Dentener, FJ and Ellingsen, K and Schultz, MG and others},
  journal={Journal of Geophysical Research: Atmospheres},
  volume={111},
  number={D19},
  year={2006},
  publisher={Wiley Online Library}
}

@article{streets2003,
  title={An inventory of gaseous and primary aerosol emissions in Asia in the year 2000},
  author={Streets, D Ga and Bond, TC and Carmichael, GR and Fernandes, SD and Fu, Q and He, D and Klimont, Z and Nelson, SM and Tsai, NY and Wang, M Qm and others},
  journal={Journal of Geophysical Research: Atmospheres},
  volume={108},
  number={D21},
  year={2003},
  publisher={Wiley Online Library}
}

@article{van2010,
  title={Global fire emissions and the contribution of deforestation, savanna, forest, agricultural, and peat fires (1997--2009)},
  author={Van der Werf, Guido R and Randerson, James T and Giglio, Louis and Collatz, GJ and Mu, M and Kasibhatla, Prasad S and Morton, Douglas C and DeFries, RS and Jin, Y van and van Leeuwen, Thijs T},
  journal={Atmospheric Chemistry and Physics},
  volume={10},
  number={23},
  pages={11707--11735},
  year={2010},
  publisher={Copernicus GmbH}
}